<record><leader>00000cas a2200000 a 4500</leader><controlfield tag="001">12732791</controlfield><controlfield tag="008">851029d19041925ksuwr ne      0    0eng d</controlfield><datafield ind1=" " ind2=" " tag="010"><subfield code="a">sn 85032823 </subfield></datafield><datafield ind1=" " ind2=" " tag="040"><subfield code="a">KSH</subfield><subfield code="b">eng</subfield><subfield code="c">KSH</subfield><subfield code="d">NPT</subfield><subfield code="d">OCL</subfield><subfield code="d">OCLCQ</subfield></datafield><datafield ind1=" " ind2=" " tag="042"><subfield code="a">msc</subfield></datafield><datafield ind1="0" ind2=" " tag="130"><subfield code="a">Colby free press (Colby, Kan. : 1904)</subfield></datafield><datafield ind1="1" ind2="4" tag="245"><subfield code="a">The Colby free press.</subfield></datafield><datafield ind1=" " ind2=" " tag="260"><subfield code="a">Colby, Kan. :</subfield><subfield code="b">[J.R. Connelly],</subfield><subfield code="c">1904-1925.</subfield></datafield><datafield ind1=" " ind2=" " tag="300"><subfield code="a">21 v. :</subfield><subfield code="b">ill. ;</subfield><subfield code="c">54 cm.</subfield></datafield><datafield ind1=" " ind2=" " tag="310"><subfield code="a">Weekly</subfield></datafield><datafield ind1="0" ind2=" " tag="362"><subfield code="a">Vol. 15, no. 11 (Jan. 14, 1904)-v. 36, no. 38 (July 2, 1925).</subfield></datafield><datafield ind1=" " ind2=" " tag="500"><subfield code="a">Publisher varies.</subfield></datafield><datafield ind1=" " ind2=" " tag="752"><subfield code="a">United States</subfield><subfield code="b">Kansas</subfield><subfield code="c">Thomas</subfield><subfield code="d">Colby.</subfield></datafield><datafield ind1="0" ind2="0" tag="780"><subfield code="t">Free press (Colby, Kan.)</subfield><subfield code="w">(DLC)sn 85032822</subfield></datafield><datafield ind1="0" ind2="7" tag="785"><subfield code="t">Colby tribune</subfield><subfield code="w">(DLC)sn 85032815</subfield></datafield><datafield ind1="0" ind2="7" tag="785"><subfield code="t">Colby free press and the Colby tribune</subfield><subfield code="w">(DLC)sn 85032824</subfield></datafield><datafield ind1="1" ind2=" " tag="029"><subfield code="a">AU@</subfield><subfield code="b">000022167272</subfield></datafield></record>